%YAML 1.1
%TAG !u! tag:unity3d.com,2011:
--- !u!244 &-9121117780398966068
AudioMixerEffectController:
  m_ObjectHideFlags: 3
  m_CorrespondingSourceObject: {fileID: 0}
  m_PrefabInstance: {fileID: 0}
  m_PrefabAsset: {fileID: 0}
  m_Name: 
  m_EffectID: 3e4ff3cd61324854f92ba0da63258ee2
  m_EffectName: Attenuation
  m_MixLevel: d6e2cc49d5a5632418f3fc9642043848
  m_Parameters: []
  m_SendTarget: {fileID: 0}
  m_EnableWetMix: 0
  m_Bypass: 0
--- !u!243 &-1952892540738083727
AudioMixerGroupController:
  m_ObjectHideFlags: 0
  m_CorrespondingSourceObject: {fileID: 0}
  m_PrefabInstance: {fileID: 0}
  m_PrefabAsset: {fileID: 0}
  m_Name: Background
  m_AudioMixer: {fileID: 24100000}
  m_GroupID: 633109e544e23114c96437b1320f191e
  m_Children: []
  m_Volume: 2bcc7d64275fe62408270f2e391baad7
  m_Pitch: d03f30152c8632c4a9b081ed79cd389a
  m_Send: 00000000000000000000000000000000
  m_Effects:
  - {fileID: -9121117780398966068}
  m_UserColorIndex: 0
  m_Mute: 0
  m_Solo: 0
  m_BypassEffects: 0
--- !u!241 &24100000
AudioMixerController:
  m_ObjectHideFlags: 0
  m_CorrespondingSourceObject: {fileID: 0}
  m_PrefabInstance: {fileID: 0}
  m_PrefabAsset: {fileID: 0}
  m_Name: NewAudioMixer
  m_OutputGroup: {fileID: 0}
  m_MasterGroup: {fileID: 24300002}
  m_Snapshots:
  - {fileID: 24500006}
  m_StartSnapshot: {fileID: 24500006}
  m_SuspendThreshold: -80
  m_EnableSuspend: 1
  m_UpdateMode: 0
  m_ExposedParameters: []
  m_AudioMixerGroupViews:
  - guids:
    - ab0db4966ff2f3e458ee86bfc88bbb04
    - 633109e544e23114c96437b1320f191e
    name: View
  m_CurrentViewIndex: 0
  m_TargetSnapshot: {fileID: 24500006}
--- !u!243 &24300002
AudioMixerGroupController:
  m_ObjectHideFlags: 0
  m_CorrespondingSourceObject: {fileID: 0}
  m_PrefabInstance: {fileID: 0}
  m_PrefabAsset: {fileID: 0}
  m_Name: Master
  m_AudioMixer: {fileID: 24100000}
  m_GroupID: ab0db4966ff2f3e458ee86bfc88bbb04
  m_Children:
  - {fileID: -1952892540738083727}
  m_Volume: 829f8582e9001ed419e2e185702a0150
  m_Pitch: 2216cf1ae16745542a71d7a5d4320ecd
  m_Send: 00000000000000000000000000000000
  m_Effects:
  - {fileID: 24400004}
  m_UserColorIndex: 0
  m_Mute: 0
  m_Solo: 0
  m_BypassEffects: 0
--- !u!244 &24400004
AudioMixerEffectController:
  m_ObjectHideFlags: 3
  m_CorrespondingSourceObject: {fileID: 0}
  m_PrefabInstance: {fileID: 0}
  m_PrefabAsset: {fileID: 0}
  m_Name: 
  m_EffectID: eb2e1d5aa749fb74086ccdee82a016dc
  m_EffectName: Attenuation
  m_MixLevel: 126db5683f1aeba44b711c9377858b21
  m_Parameters: []
  m_SendTarget: {fileID: 0}
  m_EnableWetMix: 0
  m_Bypass: 0
--- !u!245 &24500006
AudioMixerSnapshotController:
  m_ObjectHideFlags: 0
  m_CorrespondingSourceObject: {fileID: 0}
  m_PrefabInstance: {fileID: 0}
  m_PrefabAsset: {fileID: 0}
  m_Name: Snapshot
  m_AudioMixer: {fileID: 24100000}
  m_SnapshotID: 2b3be872494f62f4296155b8cd0e6737
  m_FloatValues:
    12f7e044b71472d4e936e8872cf182f8: -15
    2bcc7d64275fe62408270f2e391baad7: -15
    d03f30152c8632c4a9b081ed79cd389a: 0.75
  m_TransitionOverrides: {}
